--------------------------------------------------------
@article{feng2022research,
  title={Research and application of tongue and face diagnosis based on deep learning},
  author={Feng, Li and Huang, Zong Hai and Zhong, Yan Mei and Xiao, WenKe and Wen, Chuan Biao and Song, Hai Bei and Guo, Jin Hong},
  journal={Digital Health},
  volume={8},
  pages={20552076221124436},
  year={2022},
  publisher={SAGE Publications Sage UK: London, England}
}
--------------------------------------------------------
@inproceedings{chen2022survey,
  title={A Survey on TCM Tongue Diagnosis Based on Data Mining},
  author={Chen, Libo and Cai, Jiaxin},
  booktitle={2022 7th International Conference on Computational Intelligence and Applications (ICCIA)},
  pages={48--51},
  year={2022},
  publisher={IEEE}
}
--------------------------------------------------------
@article{gantzDIGITALUNIVERSE2020,
  title = {{{THE DIGITAL UNIVERSE IN}} 2020: {{Big Data}}, {{Bigger Digital Shadows}}, and {{Biggest Growth}} in the {{Far East}}},
  author = {Gantz, John and Reinsel, David},
  langid = {english},
  year={2012}
}
--------------------------------------------------------
@article{schofieldTextureAnalysisCardiovascular2019a,
  title = {Texture Analysis of Cardiovascular Magnetic Resonance Cine Images Differentiates Aetiologies of Left Ventricular Hypertrophy},
  author = {Schofield, R. and Ganeshan, B. and Fontana, M. and Nasis, A. and Castelletti, S. and Rosmini, S. and Treibel, T.A. and Manisty, C. and Endozo, R. and Groves, A. and Moon, J.C.},
  date = {2019-02},
  journaltitle = {Clinical Radiology},
  shortjournal = {Clinical Radiology},
  volume = {74},
  number = {2},
  pages = {140--149},
  issn = {00099260},
  doi = {10.1016/j.crad.2018.09.016},
  url = {https://linkinghub.elsevier.com/retrieve/pii/S0009926018305531},
  urldate = {2024-03-19},
  langid = {english},
}
--------------------------------------------------------
@book{book:1355375,
   title =     {Handbook of Medical Image Processing and Analysis (2nd Edition)},
   author =    {Isaac N. Bankman},
   publisher = {Academic Press},
   isbn =      {9780123739049},
   year =      { 2008},
   series =    {},
   edition =   {2nd},
   volume =    {}
}
--------------------------------------------------------
@article{kwonComparisonMortalityCause2022,
  title = {Comparison of Mortality and Cause of Death between Adults with and without Hypertrophic Cardiomyopathy},
  author = {Kwon, Soonil and Kim, Hyung-Kwan and Kim, Bongseong and Lee, Hyun-Jung and Han, Kyung-Do and Hwang, In-Chang and Yoon, Yeonyee E. and Park, Jun-Bean and Lee, Heesun and Lee, Seung-Pyo and Cho, Goo-Yeong and Kim, Yong-Jin},
  date = {2022-04-16},
  journaltitle = {Scientific Reports},
  shortjournal = {Sci Rep},
  volume = {12},
  number = {1},
  pages = {6386},
  publisher = {Nature Publishing Group},
  issn = {2045-2322},
  doi = {10.1038/s41598-022-10389-4},
  url = {https://www.nature.com/articles/s41598-022-10389-4},
  urldate = {2024-03-23},
  langid = {english},
  keywords = {Cardiology,Epidemiology},
}
--------------------------------------------------------
@article{argentieroApplicationsArtificialIntelligence2022,
  title = {The {{Applications}} of {{Artificial Intelligence}} in {{Cardiovascular Magnetic Resonance}}—{{A Comprehensive Review}}},
  author = {Argentiero, Adriana and Muscogiuri, Giuseppe and Rabbat, Mark G and Martini, Chiara and Soldato, Nicolò and Basile, Paolo and Baggiano, Andrea and Mushtaq, Saima and Fusini, Laura and Mancini, Maria Elisabetta and Gaibazzi, Nicola and Santobuono, Vincenzo Ezio and Sironi, Sandro and Pontone, Gianluca and Guaricci, Andrea Igoren},
  date = {2022},
  langid = {english},
  keywords = {acrdiac magnetic resonance, artificial intelligence, machine learning, deep learning},
}
--------------------------------------------------------
@article{mayerhoeferIntroductionRadiomics2020,
  title = {Introduction to {{Radiomics}}},
  author = {Mayerhoefer, Marius E. and Materka, Andrzej and Langs, Georg and Häggström, Ida and Szczypiński, Piotr and Gibbs, Peter and Cook, Gary},
  date = {2020-04},
  journaltitle = {Journal of Nuclear Medicine},
  shortjournal = {J Nucl Med},
  volume = {61},
  number = {4},
  pages = {488--495},
  issn = {0161-5505, 2159-662X},
  doi = {10.2967/jnumed.118.222893},
  urldate = {2023-05-22},
  langid = {english},
}
--------------------------------------------------------
@online{heDeepResidualLearning2015,
  title = {Deep {{Residual Learning}} for {{Image Recognition}}},
  author = {He, Kaiming and Zhang, Xiangyu and Ren, Shaoqing and Sun, Jian},
  date = {2015-12-10},
  eprint = {1512.03385},
  eprinttype = {arxiv},
  eprintclass = {cs},
  doi = {10.48550/arXiv.1512.03385},
  urldate = {2024-04-10},
  pubstate = {preprint},
  keywords = {Training, Degradation, Complexity theory, Image recognition, Neural networks, Visualization, Image segmentation}
}
--------------------------------------------------------
@article{alzubiContentbasedImageRetrieval2017b,
  title = {Content-Based Image Retrieval with Compact Deep Convolutional Features},
  author = {Alzu'bi, Ahmad and Amira, Abbes and Ramzan, Naeem},
  date = {2017-08},
  journaltitle = {Neurocomputing},
  shortjournal = {Neurocomputing},
  volume = {249},
  pages = {95--105},
  issn = {09252312},
  doi = {10.1016/j.neucom.2017.03.072},
  urldate = {2024-04-11},
  langid = {english},
}
--------------------------------------------------------
@online{vaswaniAttentionAllYou2023,
  title = {Attention {{Is All You Need}}},
  author = {Vaswani, Ashish and Shazeer, Noam and Parmar, Niki and Uszkoreit, Jakob and Jones, Llion and Gomez, Aidan N. and Kaiser, Lukasz and Polosukhin, Illia},
  date = {2017-06-12},
  eprint = {1706.03762},
  eprinttype = {arxiv},
  eprintclass = {cs},
  doi = {10.48550/arXiv.1706.03762},
  urldate = {2024-04-11},
  pubstate = {preprint},
  keywords = {Computer Science - Computation and Language,Computer Science - Machine Learning},
}
--------------------------------------------------------
@article{fogelAssessmentCardiacFunction2000,
  title = {Assessment of {{Cardiac Function}} by {{Magnetic Resonance Imaging}}},
  author = {Fogel, M.A.},
  date = {2000-01-01},
  journaltitle = {Pediatric Cardiology},
  shortjournal = {Pediatr Cardiol},
  volume = {21},
  number = {1},
  pages = {59--69},
  issn = {1432-1971},
  doi = {10.1007/s002469910008},
  urldate = {2024-04-22},
  langid = {english},
  keywords = {Cardiac function — Fluid mechanics — Velocity mapping — MRI — Congenital heart disease — Pediatric cardiology},
}
--------------------------------------------------------
@article{toCardiacMagneticResonance2011c,
  title = {Cardiac {{Magnetic Resonance}} in {{Hypertrophic Cardiomyopathy}}},
  author = {To, Andrew C.Y. and Dhillon, Ashwat and Desai, Milind Y.},
  date = {2011-10},
  journaltitle = {JACC: Cardiovascular Imaging},
  shortjournal = {JACC: Cardiovascular Imaging},
  volume = {4},
  number = {10},
  pages = {1123--1137},
  issn = {1936878X},
  doi = {10.1016/j.jcmg.2011.06.022},
  urldate = {2024-04-22},
  langid = {english},
}
--------------------------------------------------------
@article{bernardDeepLearningTechniques2018a,
  title = {Deep {{Learning Techniques}} for {{Automatic MRI Cardiac Multi-Structures Segmentation}} and {{Diagnosis}}: {{Is}} the {{Problem Solved}}?},
  shorttitle = {Deep {{Learning Techniques}} for {{Automatic MRI Cardiac Multi-Structures Segmentation}} and {{Diagnosis}}},
  author = {Bernard, Olivier and Lalande, Alain and Zotti, Clement and Cervenansky, Frederick and Yang, Xin and Heng, Pheng-Ann and Cetin, Irem and Lekadir, Karim and Camara, Oscar and Gonzalez Ballester, Miguel Angel and Sanroma, Gerard and Napel, Sandy and Petersen, Steffen and Tziritas, Georgios and Grinias, Elias and Khened, Mahendra and Kollerathu, Varghese Alex and Krishnamurthi, Ganapathy and Rohe, Marc-Michel and Pennec, Xavier and Sermesant, Maxime and Isensee, Fabian and Jager, Paul and Maier-Hein, Klaus H. and Full, Peter M. and Wolf, Ivo and Engelhardt, Sandy and Baumgartner, Christian F. and Koch, Lisa M. and Wolterink, Jelmer M. and Isgum, Ivana and Jang, Yeonggul and Hong, Yoonmi and Patravali, Jay and Jain, Shubham and Humbert, Olivier and Jodoin, Pierre-Marc},
  date = {2018-11},
  journaltitle = {IEEE Transactions on Medical Imaging},
  shortjournal = {IEEE Trans. Med. Imaging},
  volume = {37},
  number = {11},
  pages = {2514--2525},
  issn = {0278-0062, 1558-254X},
  doi = {10.1109/TMI.2018.2837502},
  urldate = {2024-04-23}
}
--------------------------------------------------------
@article{jiangMRIBasedRadiomics2021,
  title = {{{MRI Based Radiomics Approach With Deep Learning}} for {{Prediction}} of {{Vessel Invasion}} in {{Early-Stage Cervical Cancer}}},
  author = {Jiang, Xiran and Li, Jiaxin and Kan, Yangyang and Yu, Tao and Chang, Shijie and Sha, Xianzheng and Zheng, Hairong and Luo, Yahong and Wang, Shanshan},
  date = {2021-05},
  journaltitle = {IEEE/ACM Transactions on Computational Biology and Bioinformatics},
  volume = {18},
  number = {3},
  pages = {995--1002},
  issn = {1557-9964},
  doi = {10.1109/TCBB.2019.2963867},
  urldate = {2024-05-01},
  eventtitle = {{{IEEE}}/{{ACM Transactions}} on {{Computational Biology}} and {{Bioinformatics}}},
  keywords = {Adaptation models,Biomedical imaging,cervical cancer,Cervical cancer,deep learning,Magnetic resonance imaging,MRI,Radiomics,Tumors,vessel invasion}
}
--------------------------------------------------------
@article{renBiLSTMMultiheadAttentionbased2023,
  title = {A {{Bi-LSTM}} and Multihead Attention-Based Model Incorporating Radiomics Signatures and Radiological Features for Differentiating the Main Subtypes of Lung Adenocarcinoma},
  author = {Ren, Jinjing and Chen, Ling and Xu, Huilin and Zheng, Xinlei and Ren, He},
  date = {2023-07-01},
  journaltitle = {Quantitative Imaging in Medicine and Surgery},
  shortjournal = {Quant Imaging Med Surg},
  volume = {13},
  number = {7},
  eprint = {37456282},
  eprinttype = {pmid},
  pages = {4245--4256},
  issn = {2223-4292},
  doi = {10.21037/qims-22-848},
  urldate = {2024-05-01},
  pmcid = {PMC10347360}
}
--------------------------------------------------------
@inproceedings{aiSelfAttentionBasedFusion2023,
  title = {A {{Self-Attention Based Fusion Model}} of {{Radiomics}} and {{Deep Features}} for {{Early Recurrence Prediction}} in {{NSCLC}}},
  booktitle = {2023 {{IEEE}} 12th {{Global Conference}} on {{Consumer Electronics}} ({{GCCE}})},
  author = {Ai, Yang and Li, Yinhao and Jain, Rahul Kumar and Chen, Yen-Wei},
  date = {2023-10-10},
  pages = {833--837},
  publisher = {IEEE},
  location = {Nara, Japan},
  doi = {10.1109/GCCE59613.2023.10315672},
  urldate = {2023-11-30},
  eventtitle = {2023 {{IEEE}} 12th {{Global Conference}} on {{Consumer Electronics}} ({{GCCE}})},
  isbn = {9798350340181},
  langid = {english},
  keywords = {Non-Small Cell Lung Cancer, Recurrence Prediction, Radiomics, Self-Attention Mechanism, Deep Learning}
}
--------------------------------------------------------
@inproceedings{iranmehrImprovedPredictionMGMT2022,
  title = {Improved {{Prediction}} of {{MGMT Methylation Status}} in {{Glioblastoma}} Using a {{Deep Attention Network}}},
  booktitle = {2022 {{International Conference}} on {{Electrical}}, {{Computer}}, {{Communications}} and {{Mechatronics Engineering}} ({{ICECCME}})},
  author = {Iranmehr, Azadeh and Gutta, Sreedevi and Hadaegh, Ahmad},
  date = {2022-11-16},
  pages = {1--6},
  publisher = {IEEE},
  location = {Maldives, Maldives},
  doi = {10.1109/ICECCME55909.2022.9988694},
  urldate = {2023-11-30},
  eventtitle = {2022 {{International Conference}} on {{Electrical}}, {{Computer}}, {{Communications}} and {{Mechatronics Engineering}} ({{ICECCME}})},
  isbn = {978-1-66547-095-7},
  langid = {english},
  keywords = {brain tumor, glioblastoma, GBM, deep learning, radiomics, MGMT methylation, binary classification, prediction}
}
--------------------------------------------------------
@article{bergamascoRECUPERACAOOBJETOSMEDICOS2018,
  title = {RECUPERAÇÃO DE OBJETOS MÉDICOS 3D UTILIZANDO HARMÔNICOS ESFÉRICOS E REDES DE FLUXO},
  author = {Bergamasco, Leila Cristina C},
  date = {2018},
  journaltitle = {São Paulo},
  langid = {portuguese}
}
--------------------------------------------------------
@article{kingmaAdamMethodStochastic2014,
  title = {Adam: {{A Method}} for {{Stochastic Optimization}}},
  shorttitle = {Adam},
  author = {Kingma, Diederik P. and Ba, Jimmy},
  date = {2014},
  publisher = {[object Object]},
  doi = {10.48550/ARXIV.1412.6980},
  url = {https://arxiv.org/abs/1412.6980},
  urldate = {2024-05-23},
  version = {9},
  keywords = {Computer and information sciences, Machine Learning},
}
--------------------------------------------------------
@inproceedings{adornoAutomaticDetectionPeople2023,
  title = {Automatic detection of people with reduced mobility using YOLOv5 and data reduction strategy},
  booktitle = {Proceedings of the XIX Brazilian Symposium on Information Systems},
  author = {Adorno, Pedro Lucas Vieira and Jasenovski, Igor Mateus and Santiago, Diogo Felipe De Melo and Bergamasco, Leila},
  date = {2023-05-29},
  pages = {9--16},
  publisher = {ACM},
  location = {Maceió Brazil},
  doi = {10.1145/3592813.3592883},
  url = {https://dl.acm.org/doi/10.1145/3592813.3592883},
  urldate = {2024-05-24},
  eventtitle = {SBSI '23: XIX Brazilian Symposium on Information Systems},
  isbn = {9798400707599},
  langid = {portuguese}
}
--------------------------------------------------------
@book{russell2020artificial,
  title={Artificial Intelligence: A Modern Approach},
  author={Russell, Stuart and Norvig, Peter},
  year={2020},
  publisher={Prentice Hall},
  edition={4th}
}
--------------------------------------------------------
@article{lambinRadiomicsExtractingMore2012,
  title = {Radiomics: {{Extracting}} More Information from Medical Images Using Advanced Feature Analysis},
  shorttitle = {Radiomics},
  author = {Lambin, Philippe and Rios-Velazquez, Emmanuel and Leijenaar, Ralph and Carvalho, Sara and Van Stiphout, Ruud G.P.M. and Granton, Patrick and Zegers, Catharina M.L. and Gillies, Robert and Boellard, Ronald and Dekker, André and Aerts, Hugo J.W.L.},
  date = {2012-03},
  journaltitle = {European Journal of Cancer},
  shortjournal = {European Journal of Cancer},
  volume = {48},
  number = {4},
  pages = {441--446},
  issn = {09598049},
  doi = {10.1016/j.ejca.2011.11.036},
  url = {https://linkinghub.elsevier.com/retrieve/pii/S0959804911009993},
  urldate = {2024-06-08},
  langid = {english},
}
--------------------------------------------------------
@article{petersenGuidelinesConductingSystematic2015a,
  title = {Guidelines for Conducting Systematic Mapping Studies in Software Engineering: {{An}} Update},
  author = {Petersen, Kai},
  date = {2015},
  journaltitle = {Information and Software Technology},
  langid = {english}
}
--------------------------------------------------------
@article{brielerCardiomyopathyOverview2017,
  title = {Cardiomyopathy: {{An Overview}}},
  author = {Brieler, Jay and Breeden, Matthew A and Tucker, Jane and University, Saint Louis and Louis, St},
  date = {2017},
  volume = {96},
  number = {10},
  langid = {english}
}
--------------------------------------------------------
@inproceedings{yangNeuralNetworkDesign2024a,
  title = {Neural {{Network Design Based}} on {{Differentiable Attention Module Search}}},
  booktitle = {2024 43rd {{Chinese Control Conference}} ({{CCC}})},
  author = {Yang, Mingzhe and Zhou, Yuan and Wang, Haiyang and Li, Shuoshi},
  date = {2024-07},
  pages = {8643--8648},
  issn = {1934-1768},
  doi = {10.23919/CCC63176.2024.10662130},
  url = {https://ieeexplore.ieee.org/document/10662130/?arnumber=10662130},
  urldate = {2025-01-14},
  eventtitle = {2024 43rd {{Chinese Control Conference}} ({{CCC}})}
}
--------------------------------------------------------
@inproceedings{lecunHandwrittenDigitRecognition1989,
  title = {Handwritten {{Digit Recognition}} with a {{Back-Propagation Network}}},
  booktitle = {Advances in {{Neural Information Processing Systems}}},
  author = {LeCun, Yann and Boser, Bernhard and Denker, John and Henderson, Donnie and Howard, R. and Hubbard, Wayne and Jackel, Lawrence},
  date = {1989},
  volume = {2},
  publisher = {Morgan-Kaufmann},
  urldate = {2025-01-15},
}
--------------------------------------------------------
@online{osheaIntroductionConvolutionalNeural2015c,
  title = {An {{Introduction}} to {{Convolutional Neural Networks}}},
  author = {O'Shea, Keiron and Nash, Ryan},
  date = {2015-12-02},
  eprint = {1511.08458},
  eprinttype = {arXiv},
  eprintclass = {cs},
  doi = {10.48550/arXiv.1511.08458},
  url = {http://arxiv.org/abs/1511.08458},
  urldate = {2025-01-15},
  pubstate = {prepublished},
  keywords = {Computer Science - Computer Vision and Pattern Recognition,Computer Science - Machine Learning,Computer Science - Neural and Evolutionary Computing},
}
--------------------------------------------------------
@inproceedings{huSqueezeandExcitationNetworks2018,
  title = {Squeeze-and-{{Excitation Networks}}},
  booktitle = {2018 {{IEEE}}/{{CVF Conference}} on {{Computer Vision}} and {{Pattern Recognition}}},
  author = {Hu, Jie and Shen, Li and Sun, Gang},
  date = {2018-06},
  pages = {7132--7141},
  issn = {2575-7075},
  doi = {10.1109/CVPR.2018.00745},
  url = {https://ieeexplore.ieee.org/document/8578843/?arnumber=8578843},
  urldate = {2025-01-14},
  eventtitle = {2018 {{IEEE}}/{{CVF Conference}} on {{Computer Vision}} and {{Pattern Recognition}}},
  keywords = {Adaptation models,Computational modeling,Computer architecture,Convolution,Convolutional codes,Stacking,Task analysis},
}
--------------------------------------------------------
@article{nairRectifiedLinearUnits,
  title = {Rectified {{Linear Units Improve Restricted Boltzmann Machines}}},
  author = {Nair, Vinod and Hinton, Geoffrey E},
  langid = {english},
  date = 2010
}
--------------------------------------------------------
@article{radauEvaluationFrameworkAlgorithms2009,
  title = {Evaluation {{Framework}} for {{Algorithms Segmenting Short Axis Cardiac MRI}}.},
  author = {Radau, Perry and Lu, Yingli and Connelly, Kim and Paul, Gideon and Dick, Alexander J and Wright, Graham A},
  date = {2009-07-09},
  journaltitle = {The MIDAS Journal},
  doi = {10.54294/g80ruo},
  url = {https://www.midasjournal.org/browse/publication/658},
  urldate = {2025-01-18}
}
--------------------------------------------------------
@article{lafraxoSEDARUnetSqueezeexcitationDilated2024,
  title = {{{SEDARU-net}}: A Squeeze-Excitation Dilated Based Residual {{U-Net}} with Attention Mechanism for Automatic Melanoma Lesion Segmentation},
  shorttitle = {{{SEDARU-net}}},
  author = {Lafraxo, Samira and El~Ansari, Mohamed and Koutti, Lahcen and Kerkaou, Zakaria and Souaidi, Meryem},
  date = {2024-08-19},
  journaltitle = {Multimedia Tools and Applications},
  shortjournal = {Multimed Tools Appl},
  issn = {1573-7721},
  doi = {10.1007/s11042-024-20080-7},
  url = {https://doi.org/10.1007/s11042-024-20080-7},
  urldate = {2025-01-19},
  keywords = {Attention mechanism,Dilatation,Melanoma,Residuals blocks,Segmentation,Squeeze-excitation blocks},
}
--------------------------------------------------------
@article{pontoneClinicalApplicationsCardiac2022,
  title = {Clinical Applications of Cardiac Computed Tomography: A Consensus Paper of the {{European Association}} of {{Cardiovascular Imaging-part II}}},
  shorttitle = {Clinical Applications of Cardiac Computed Tomography},
  author = {Pontone, Gianluca and Rossi, Alexia and Guglielmo, Marco and Dweck, Marc R. and Gaemperli, Oliver and Nieman, Koen and Pugliese, Francesca and Maurovich-Horvat, Pal and Gimelli, Alessia and Cosyns, Bernard and Achenbach, Stephan},
  date = {2022-03-22},
  journaltitle = {European Heart Journal. Cardiovascular Imaging},
  shortjournal = {Eur Heart J Cardiovasc Imaging},
  volume = {23},
  number = {4},
  eprint = {35175348},
  eprinttype = {pmid},
  pages = {e136-e161},
  issn = {2047-2412},
  doi = {10.1093/ehjci/jeab292},
  langid = {english},
  pmcid = {PMC8944330},
  keywords = {Artificial intelligence,Coronary computed tomography angiography},
}

--------------------------------------------------------